<?xml version="1.0" encoding="utf-8"?>
<record xmlns="http://www.loc.gov/MARC21/slim" xmlns:xsi="http://www.w3.org/2001/XMLSchema-instance" xsi:schemaLocation="http://www.loc.gov/MARC21/slim http://www.loc.gov/standards/marcxml/schema/MARC21slim.xsd">
	<leader>     nam a22        4500</leader>
	<controlfield tag="001">b12738645</controlfield>
	<controlfield tag="003">LeBAU</controlfield>
	<controlfield tag="006">m        d        </controlfield>
	<controlfield tag="007">cr cn |||m|||a</controlfield>
	<controlfield tag="008">171025s1910    ae      o     ||1 0 ara d</controlfield>
	<datafield ind1=" " ind2=" " tag="040">
		<subfield code="a">NNU</subfield>
		<subfield code="b">ara</subfield>
		<subfield code="e">rda</subfield>
		<subfield code="c">NNU</subfield>
	</datafield>
	<datafield ind1="1" ind2=" " tag="041">
		<subfield code="a">ara</subfield>
		<subfield code="b">fre</subfield>
	</datafield>
	<datafield ind1=" " ind2="4" tag="050">
		<subfield code="a">DT193.5.B45</subfield>
		<subfield code="b">I36 1910</subfield>
	</datafield>
	<datafield ind1="0" ind2="4" tag="082">
		<subfield code="a">964.02</subfield>
		<subfield code="2">22</subfield>
	</datafield>
	<datafield ind1="1" ind2=" " tag="100">
		<subfield code="6">880-01</subfield>
		<subfield code="a">Ibn Khaldūn, Yaḥyá ibn Muḥammad,</subfield>
		<subfield code="d">1332 or 1333-1378 or 1379,</subfield>
		<subfield code="e">author.</subfield>
	</datafield>
	<datafield ind1="1" ind2="0" tag="245">
		<subfield code="6">880-02</subfield>
		<subfield code="a">Kitāb Bughyat al-ruwwād fī dhikr al-mulūk min Banī ʻAbd al-Wād /</subfield>
		<subfield code="c">ta’līf al-shaykh al-faqīh Abī Zakarīyā’ Yaḥyá ibn Abī Bakr Muḥammad ibn Muḥammad ibn Muḥammad ibn al-Ḥasan Ibn Khaldūn.</subfield>
	</datafield>
	<datafield ind1="3" ind2="0" tag="246">
		<subfield code="6">880-03</subfield>
		<subfield code="a">Bughyat al-ruwwād fī dhikra al-mulūk min Banī ʻAbd al-Wād</subfield>
	</datafield>
	<datafield ind1="1" ind2="5" tag="246">
		<subfield code="a">HISTOIRE DES BENI ‘ABD EL-WÂD :</subfield>
		<subfield code="b">ROIS DE TELMCEN</subfield>
	</datafield>
	<datafield ind1=" " ind2="1" tag="264">
		<subfield code="6">880-04</subfield>
		<subfield code="a">al-Jazāʼir :</subfield>
		<subfield code="b">Matbaʻat Būnṭānah,</subfield>
		<subfield code="c">1328 [H.] = 1910 [M.]</subfield>
	</datafield>
	<datafield ind1=" " ind2=" " tag="300">
		<subfield code="6">880-05</subfield>
		<subfield code="a">online resource (2 volumes)</subfield>
	</datafield>
	<datafield ind1=" " ind2=" " tag="336">
		<subfield code="a">text</subfield>
		<subfield code="2">rdacontent</subfield>
	</datafield>
	<datafield ind1=" " ind2=" " tag="337">
		<subfield code="a">computer</subfield>
		<subfield code="2">rdamedia</subfield>
	</datafield>
	<datafield ind1=" " ind2=" " tag="338">
		<subfield code="a">online resource</subfield>
		<subfield code="2">rdacarrier</subfield>
	</datafield>
	<datafield ind1=" " ind2=" " tag="500">
		<subfield code="a">Part of the Arabic Collections Online (ACO) project, contributed by American University of Beirut's Jafet Memorial Library.</subfield>
	</datafield>
	<datafield ind1=" " ind2=" " tag="533">
		<subfield code="a">Electronic reproduction.</subfield>
		<subfield code="b">New York, N.Y. :</subfield>
		<subfield code="c">New York University,</subfield>
		<subfield code="d">2017.</subfield>
		<subfield code="5">NNU</subfield>
	</datafield>
	<datafield ind1=" " ind2="0" tag="650">
		<subfield code="6">880-06</subfield>
		<subfield code="a">Berbers</subfield>
		<subfield code="z">Algeria</subfield>
		<subfield code="z">Tlmcen</subfield>
		<subfield code="v">Biography.</subfield>
	</datafield>
	<datafield ind1=" " ind2="0" tag="650">
		<subfield code="6">880-07</subfield>
		<subfield code="a">Muslims</subfield>
		<subfield code="v">Biography.</subfield>
	</datafield>
	<datafield ind1=" " ind2="0" tag="651">
		<subfield code="6">880-08</subfield>
		<subfield code="a">Tlemcen (Algeria)</subfield>
		<subfield code="x">History.</subfield>
	</datafield>
	<datafield ind1=" " ind2="0" tag="651">
		<subfield code="6">880-09</subfield>
		<subfield code="a">Algeria</subfield>
		<subfield code="x">History</subfield>
		<subfield code="y">647-1516.</subfield>
	</datafield>
	<datafield ind1=" " ind2="0" tag="651">
		<subfield code="6">880-10</subfield>
		<subfield code="a">Tlemcen (Algeria)</subfield>
		<subfield code="v">Biography.</subfield>
	</datafield>
	<datafield ind1="2" ind2=" " tag="710">
		<subfield code="a">Jafet Memorial Library.</subfield>
	</datafield>
	<datafield ind1="0" ind2=" " tag="730">
		<subfield code="a">Arabic Collections Online.</subfield>
	</datafield>
	<datafield ind1="0" ind2="8" tag="776">
		<subfield code="i">Print version:</subfield>
		<subfield code="a">Ibn Khaldūn, Yaḥyá ibn Muḥammad, 1332 or 1333-1378 or 1379, author.</subfield>
		<subfield code="t">Kitāb Bughyat al-ruwwād fī dhikr al-mulūk min Banī ʻAbd al-Wād</subfield>
		<subfield code="w">(LeBAU)b12738645</subfield>
	</datafield>
	<datafield ind1="4" ind2="0" tag="856">
		<subfield code="u">http://hdl.handle.net/2333.1/sj3txgk5</subfield>
	</datafield>
	<datafield ind1="1" ind2=" " tag="880">
		<subfield code="6">100-01/r</subfield>
		<subfield code="a">ابن خلدون، يحيى بن محمد،‪‪‪‪‪‪‪‪‪</subfield>
		<subfield code="d">1332 او 1333-1378 او 1379،‪‪‪‪‪‪‪‪‪</subfield>
		<subfield code="e">مؤلف.‪‪‪‪‪‪‪‪‪</subfield>
		<subfield code="4">aut.</subfield>
	</datafield>
	<datafield ind1="1" ind2="0" tag="880">
		<subfield code="6">245-02/r</subfield>
		<subfield code="a">كتاب بغية الرواد في ذكر الملوك من بني عبد الواد /‪‪‪‪‪‪‪‪‪</subfield>
		<subfield code="c">تأليف الشيخ الفقيه أبي زكرياء يحيى إبن أبي بكر محمد بن محمد بن محمد بن الحسن إبن خلدون.‪‪‪‪‪‪‪‪‪</subfield>
	</datafield>
	<datafield ind1="3" ind2="0" tag="880">
		<subfield code="6">246-03/r</subfield>
		<subfield code="a">بغية الرواد في ذكر الملوك من بني عبد الواد‪‪‪‪‪‪‪‪‪</subfield>
	</datafield>
	<datafield ind1=" " ind2="1" tag="880">
		<subfield code="6">264-04/r</subfield>
		<subfield code="a">الجزائر :‪‪‪‪‪‪‪‪‪</subfield>
		<subfield code="b">مطبعة بونطانة،‪‪‪‪‪‪‪‪‪</subfield>
		<subfield code="c">1328 [هـ.] = 1910 [م.]‪‪‪‪‪‪‪‪‪</subfield>
	</datafield>
	<datafield ind1=" " ind2=" " tag="880">
		<subfield code="6">300-05/r</subfield>
		<subfield code="a">2 جزء ؛‪‪‪‪‪‪‪‪‪</subfield>
		<subfield code="c">24 سم‪‪‪‪‪‪‪‪‪</subfield>
	</datafield>
	<datafield ind1=" " ind2=" " tag="880">
		<subfield code="6">500-00/r</subfield>
		<subfield code="a">يتضمن كشافات.‪‪‪‪‪‪‪‪‪</subfield>
	</datafield>
	<datafield ind1=" " ind2=" " tag="880">
		<subfield code="6">546-00/r</subfield>
		<subfield code="a">النص بالعربية؛ مع مستخلص بالفرنسية.‪‪‪‪‪‪‪‪‪</subfield>
	</datafield>
	<datafield ind1=" " ind2=" " tag="880">
		<subfield code="6">590-00/r</subfield>
		<subfield code="a">في المكتبة: الجزء 2.‪‪‪‪‪‪‪‪‪</subfield>
	</datafield>
	<datafield ind1=" " ind2="4" tag="880">
		<subfield code="6">650-06/r</subfield>
		<subfield code="a">البربر‪‪‪‪‪‪‪‪‪</subfield>
		<subfield code="z">الجزائر‪‪‪‪‪‪‪‪‪</subfield>
		<subfield code="z">تلمسان‪‪‪‪‪‪‪‪‪</subfield>
		<subfield code="v">تراجم.‪‪‪‪‪‪‪‪‪</subfield>
	</datafield>
	<datafield ind1=" " ind2="4" tag="880">
		<subfield code="6">650-07/r</subfield>
		<subfield code="a">المسلمون‪‪‪‪‪‪‪‪‪</subfield>
		<subfield code="v">تراجم.‪‪‪‪‪‪‪‪‪</subfield>
	</datafield>
	<datafield ind1=" " ind2="4" tag="880">
		<subfield code="6">651-08/r</subfield>
		<subfield code="a">تلمسان (الجزائر)‪‪‪‪‪‪‪‪‪</subfield>
		<subfield code="x">تاريخ.‪‪‪‪‪‪‪‪‪</subfield>
	</datafield>
	<datafield ind1=" " ind2="4" tag="880">
		<subfield code="6">651-09/r</subfield>
		<subfield code="a">الجزائر‪‪‪‪‪‪‪‪‪</subfield>
		<subfield code="x">تاريخ‪‪‪‪‪‪‪‪‪</subfield>
		<subfield code="y">647-1516.</subfield>
	</datafield>
	<datafield ind1=" " ind2="4" tag="880">
		<subfield code="6">651-10/r</subfield>
		<subfield code="a">تلمسان (الجزائر)‪‪‪‪‪‪‪‪‪</subfield>
		<subfield code="v">تراجم.‪‪‪‪‪‪‪‪‪</subfield>
	</datafield>
	<datafield ind1=" " ind2=" " tag="959">
		<subfield code="a">NNU</subfield>
		<subfield code="b">WEB</subfield>
		<subfield code="c">GENI</subfield>
		<subfield code="t">0</subfield>
		<subfield code="m">Electronic access</subfield>
		<subfield code="s">01</subfield>
	</datafield>
	<datafield ind1=" " ind2=" " tag="999">
		<subfield code="i">LeBAU_b12738645</subfield>
		<subfield code="s">aub_aco001272:v.2</subfield>
		<subfield code="e">(ERROR-880)(ERROR-MISC)</subfield>
		<subfield code="s">aub_aco001272:v.2</subfield>
	</datafield>
</record>
